@article {brennerInterpolation,
    AUTHOR = {Brenner, S.},
     TITLE = {Two-level additive {S}chwarz preconditioners for nonconforming
              finite element methods},
   JOURNAL = {Math. Comp.},
  FJOURNAL = {Mathematics of Computation},
    VOLUME = {65},
      YEAR = {1996},
    NUMBER = {215},
     PAGES = {897--921},
       DOI = {10.1090/S0025-5718-96-00746-6},
}

@book {LS,
    AUTHOR = {Bochev, P. and Gunzburger, M.},
     TITLE = {Least-squares finite element methods},
    SERIES = {Applied Mathematical Sciences},
    VOLUME = {166},
 PUBLISHER = {Springer, New York},
      YEAR = {2009},

}

@article {CohenDahmenWelper12,
    AUTHOR = {Cohen, A. and Dahmen, W. and Welper, G.},
     TITLE = {Adaptivity and variational stabilization for
              convection-diffusion equations},
   JOURNAL = {ESAIM Math. Model. Numer. Anal.},
  FJOURNAL = {ESAIM. Mathematical Modelling and Numerical Analysis},
    VOLUME = {46},
      YEAR = {2012},
    NUMBER = {5},
     PAGES = {1247--1273},
       DOI = {10.1051/m2an/2012003},
}

@article {AF,
    AUTHOR = {Arnold, D.~ and Falk, R.~},
     TITLE = {A uniformly accurate finite element method for the
              {R}eissner-{M}indlin plate},
   JOURNAL = {SIAM J. Numer. Anal.},
  FJOURNAL = {SIAM Journal on Numerical Analysis},
    VOLUME = {26},
      YEAR = {1989},
    NUMBER = {6},
     PAGES = {1276--1290},
       DOI = {10.1137/0726074},
}

@article{payneweinberger,
year={1960},
journal={Archive for Rational Mechanics and Analysis},
volume={5},
number={1},
doi={10.1007/BF00252910},
title={{An optimal Poincar{\'e} inequality for convex domains}},
publisher={Springer-Verlag},
author={Payne, L.E. and Weinberger, H.F.},
pages={286-292},
}

@article{Cloebhard,
        TITLE = {A review of unified a posteriori finite element error control},
       AUTHOR = {Carstensen, C. and Eigel, M. and Hoppe, R.H.W. and L{\"o}bhard, C.},
      JOURNAL = {Numer. Math. Theory Methods Appl.},
     FJOURNAL = {Numerical Mathematics. Theory, Methods and Applications},
       VOLUME = {5},
         YEAR = {2012},
       NUMBER = {4},
        PAGES = {509--558},
          DOI = {10.4208/nmtma.2011.m1032},
}

@article {CGHW14,
    AUTHOR = {Carstensen, C.~ and Gallistl, D.~ and Hellwig, F.~ and Weggler,
              L.~},
     TITLE = {Low-order d{PG}-{FEM} for an elliptic {PDE}},
   JOURNAL = {Comput. Math. Appl.},
  FJOURNAL = {Computers \& Mathematics with Applications. An International
              Journal},
    VOLUME = {68},
      YEAR = {2014},
    NUMBER = {11},
     PAGES = {1503--1512},
       DOI = {10.1016/j.camwa.2014.09.013},
}


@article {paradigm,
    AUTHOR = {Carstensen, C. and Demkowicz, L. and Gopalakrishnan, J.},
     TITLE = {Breaking spaces and forms for the {DPG} method and
              applications including {M}axwell equations},
   JOURNAL = {Comput. Math. Appl.},
  FJOURNAL = {Computers \& Mathematics with Applications. An International
              Journal},
    VOLUME = {72},
      YEAR = {2016},
    NUMBER = {3},
     PAGES = {494--522},
       DOI = {10.1016/j.camwa.2016.05.004},
}

@article{CarstensenDemkowiczGopalakrishnan14,
	TITLE = {{A Posteriori Error Control for DPG Methods}},
	AUTHOR = {Carstensen, C. and Demkowicz, L. and Gopalakrishnan, J.},
	JOURNAL = {SIAM J. Numer. Anal.},
	FJOURNAL = {SIAM Journal on Numerical Analysis},
	VOLUME = {52},
	NUMBER = {3},
	YEAR = {2014},
	PAGES = {1335-1353},
	DOI = {10.1137/130924913},
}

@article{cpark,
   AUTHOR = {Carstensen, C. and Park, E.-J.},
   TITLE = {Convergence and optimality of adaptive Least Squares Finite
     Element Methods},
   JOURNAL = {SIAM J. Numer. Anal.},
   FJOURNAL = {SIAM Journal on Numerical Analysis},   VOLUME = {53},
   PAGES = {43--62},
   YEAR = {2015},
   DOI = {10.1137/130949634},
}

@article{safem,
   Author={Carstensen, C. and Rabus, H.},
   title={Axioms of adaptivity for separate marking},
   JOURNAL = {Accepted at SIAM J. Numer. Anal.},
   FJOURNAL = {SIAM Journal on Numerical Analysis},
   Year={2017},
   url = {arXiv:1606.02165},
}


@article {scottzhang,
    AUTHOR = {Scott, L. R. and Zhang, S.},
     TITLE = {Finite element interpolation of nonsmooth functions satisfying
              boundary conditions},
   JOURNAL = {Math. Comp.},
  FJOURNAL = {Mathematics of Computation},
    VOLUME = {54},
      YEAR = {1990},
    NUMBER = {190},
     PAGES = {483--493},
       DOI = {10.2307/2008497},
}

@article {axioms,
    AUTHOR = {Carstensen, C. and Feischl, M. and Page, M. and Praetorius,
              D.},
     TITLE = {Axioms of adaptivity},
   JOURNAL = {Comput. Math. Appl.},
  FJOURNAL = {Computers \& Mathematics with Applications. An International
              Journal},
    VOLUME = {67},
      YEAR = {2014},
    NUMBER = {6},
     PAGES = {1195--1253},
       DOI = {10.1016/j.camwa.2013.12.003},
}

@article {ArnoldBrezzi,
    AUTHOR = {Arnold, D. N. and Brezzi, F.},
     TITLE = {Mixed and nonconforming finite element methods:
              implementation, postprocessing and error estimates},
   JOURNAL = {RAIRO Mod\'el. Math. Anal. Num\'er.},
  FJOURNAL = {RAIRO Mod\'elisation Math\'ematique et Analyse Num\'erique},
    VOLUME = {19},
      YEAR = {1985},
    NUMBER = {1},
     PAGES = {7--32},
}

@article {DemkoGopal11a,
    AUTHOR = {Demkowicz, L. and Gopalakrishnan, J.},
     TITLE = {{Analysis of the {DPG} method for the {P}oisson equation}},
   JOURNAL = {SIAM J. Numer. Anal.},
  FJOURNAL = {SIAM Journal on Numerical Analysis},
    VOLUME = {49},
      YEAR = {2011},
    NUMBER = {5},
     PAGES = {1788--1809},
       DOI = {10.1137/100809799},
}

@article {DG13,
    AUTHOR = {Demkowicz, L. and Gopalakrishnan, J.},
     TITLE = {A primal {DPG} method without a first-order reformulation},
   JOURNAL = {Comput. Math. Appl.},
  FJOURNAL = {Computers \& Mathematics with Applications. An International
              Journal},
    VOLUME = {66},
      YEAR = {2013},
    NUMBER = {6},
     PAGES = {1058--1064},
       DOI = {10.1016/j.camwa.2013.06.029},
}

@article {GopalQiu,
  AUTHOR = {Gopalakrishnan, J. and Qiu, W.},
   TITLE = {An analysis of the practical {DPG} method},
 JOURNAL = {Math. Comp.}, 
    YEAR = {2014},
  VOLUME = {83},
  NUMBER = {286},
   PAGES = {537 -- 552},
     DOI = {10.1090/S0025-5718-2013-02721-4},
}


@article {DemkoGopal11,
    AUTHOR = {Demkowicz, L. and Gopalakrishnan, J.},
     TITLE = {A class of discontinuous {P}etrov-{G}alerkin methods. {II}.
              {O}ptimal test functions},
   JOURNAL = {Numer. Methods Partial Differential Equations},
  FJOURNAL = {Numerical Methods for Partial Differential Equations. An
              International Journal},
    VOLUME = {27},
      YEAR = {2011},
    NUMBER = {1},
     PAGES = {70--105},
       DOI = {10.1002/num.20640},
}

@article {stevenson08,
    AUTHOR = {Stevenson, R.},
     TITLE = {The completion of locally refined simplicial partitions
              created by bisection},
   JOURNAL = {Math. Comp.},
  FJOURNAL = {Mathematics of Computation},
    VOLUME = {77},
      YEAR = {2008},
    NUMBER = {261},
     PAGES = {227--241},
       DOI = {10.1090/S0025-5718-07-01959-X},
}

@article {CGS13,
    AUTHOR = {Carstensen, Carsten and Gallistl, Dietmar and Schedensack,
              Mira},
     TITLE = {Discrete reliability for {C}rouzeix-{R}aviart {FEM}s},
   JOURNAL = {SIAM J. Numer. Anal.},
  FJOURNAL = {SIAM Journal on Numerical Analysis},
    VOLUME = {51},
      YEAR = {2013},
    NUMBER = {5},
     PAGES = {2935--2955},
       DOI = {10.1137/130915856},
}

@article {gub,
    AUTHOR = {Carstensen, C. and Hellwig, F. and Puttkammer, S. and Storn, J.},
     TITLE = {Localized Guaranteed Error Bounds for the dPG Method},
   NOTE = {In Preparation},
      YEAR = {2016},
}

@article{BahriawatiCarstensen,
        TITLE = {Three {M}ATLAB implementations of the lowest-order {R}aviart-{T}homas {MFEM} with a posteriori error control},
       AUTHOR = {Bahriawati, C. and Carstensen, C.},
      JOURNAL = {CMAM},
     FJOURNAL = {Computational Methods in Applied Mathematics},
         YEAR = {2005},
       VOLUME = {5},
       NUMBER = {4},
        PAGES = {333--361},
}

@unpublished{CBHW,
  AUTHOR = {Carstensen, C. and Bringmann, P. and Hellwig, F. and Wriggers, P.},
  TITLE  = {Nonlinear discontinuous {P}etrov-{G}alerkin methods},
  YEAR   = {2017},
  NOTE   = {Submitted}
}

@unpublished{CH17,
  AUTHOR = {Carstensen, C. and Hellwig, F.},
  TITLE  = {Constants in Discrete {P}oincar\'e and {F}riedrichs 
  Inequalities and Discrete 
  Quasi-interpolation},
  YEAR   = {2017},
  NOTE   = {Submitted},
  url = {arXiv:1709.00577}
}

@article{BCS16,
  AUTHOR = {Bringmann, P. and Carstensen, C. and Starke, G.},
  TITLE  = {An adaptive least-squares {FEM} for linear elasticity 
  with optimal convergence rates},
   JOURNAL = {Accepted at SIAM J. Numer. Anal.},
   FJOURNAL = {SIAM Journal on Numerical Analysis},
  YEAR   = {2016}
}


@article{CgallistlMorley,
         TITLE = {Guaranteed lower eigenvalue bounds for the biharmonic equation},
        AUTHOR = {Carstensen, C.~ and Gallistl, D.~},
          YEAR = {2014},
       JOURNAL = {Numer. Math.},
      FJOURNAL = {Numerische Mathematik},
           DOI = {10.1007/s00211-013-0559-z},
       VOLUME = {126},
        NUMBER = {1},
         PAGES = {33-51},
	}
	
	
@Inbook{NochettoSiebertVeeser2009,
author= {Nochetto, Ricardo H.
and Siebert, Kunibert G.
and Veeser, Andreas},
title= {Theory of adaptive finite element methods: An introduction},
bookTitle= {Multiscale, Nonlinear and Adaptive Approximation},
year= {2009},
publisher= {Springer Berlin Heidelberg},
address= {Berlin, Heidelberg},
pages= {409--542},
}


@article{marini,
 author = {Luisa Donatella Marini},
 JOURNAL = {SIAM J. Numer. Anal.},
 FJOURNAL = {SIAM Journal on Numerical Analysis}, number = {3},
 pages = {493-496},
 publisher = {Society for Industrial and Applied Mathematics},
 title = {An Inexpensive Method for the Evaluation of the Solution of the Lowest Order Raviart-Thomas Mixed Method},
 volume = {22},
 year = {1985}
}

@article{CEHL12,
        TITLE = {A review of unified a posteriori finite element error control},
       AUTHOR = {Carstensen, C. and Eigel, M. and Hoppe, R. H. W. and L{\"o}bhard, C.},
      JOURNAL = {Numer. Math. Theory Methods Appl.},
     FJOURNAL = {Numerical Mathematics. Theory, Methods and Applications},
       VOLUME = {5},
         YEAR = {2012},
       NUMBER = {4},
        PAGES = {509--558},
          DOI = {10.4208/nmtma.2011.m1032},
}

book {dipietroern,
    AUTHOR = {Di Pietro, Daniele Antonio and Ern, Alexandre},
     TITLE = {Mathematical aspects of discontinuous {G}alerkin methods},
    SERIES = {Math\'ematiques \& Applications},
    VOLUME = {69},
 PUBLISHER = {Springer, Heidelberg},
      YEAR = {2012},
     PAGES = {xviii+384},
       DOI = {10.1007/978-3-642-22980-0},
}

@book {dipietroern,
    AUTHOR = {Di Pietro, Daniele Antonio and Ern, Alexandre},
     TITLE = {Mathematical aspects of discontinuous {G}alerkin methods},
 PUBLISHER = {Springer, Heidelberg},
      YEAR = {2012},
       DOI = {10.1007/978-3-642-22980-0},
}

book {brennerscott,
    AUTHOR = {Brenner, Susanne C. and Scott, L. Ridgway},
     TITLE = {The mathematical theory of finite element methods},
    SERIES = {Texts in Applied Mathematics},
    VOLUME = {15},
   EDITION = {Third},
 PUBLISHER = {Springer, New York},
      YEAR = {2008},
     PAGES = {xviii+397},
       DOI = {10.1007/978-0-387-75934-0},
}

@book {brennerscott,
    AUTHOR = {Brenner, Susanne C. and Scott, L. Ridgway},
     TITLE = {The mathematical theory of finite element methods},
 PUBLISHER = {Springer, New York},
      YEAR = {2008},
       DOI = {10.1007/978-0-387-75934-0},
}


@article{CGS14,
   AUTHOR = {Carstensen, C. and Gallistl, D. and Schedensack, M.},
   TITLE = {Adaptive nonconforming {C}rouzeix-{R}aviart {FEM} for eigenvalue problems},
   JOURNAL = {Math. Comp.},
   VOLUME = {84},
   PAGES = {1061--1087},
   FJOURNAL = {Mathematics of Computation},
   YEAR = {2015},
   DOI = {10.1090/S0025-5718-2014-02894-9},
}

@book {braess,
    AUTHOR = {Braess, Dietrich},
     TITLE = {Finite elements},
 PUBLISHER = {Cambridge University Press, Cambridge},
      YEAR = {2007},
       DOI = {10.1017/CBO9780511618635},
}


@book {bbf,
    AUTHOR = {Boffi, Daniele and Brezzi, Franco and Fortin, Michel},
     TITLE = {Mixed finite element methods and applications},
 PUBLISHER = {Springer, Heidelberg},
      YEAR = {2013},
       DOI = {10.1007/978-3-642-36519-5},
}

book {bbf,
    AUTHOR = {Boffi, Daniele and Brezzi, Franco and Fortin, Michel},
     TITLE = {Mixed finite element methods and applications},
    SERIES = {Springer Series in Computational Mathematics},
    VOLUME = {44},
 PUBLISHER = {Springer, Heidelberg},
      YEAR = {2013},
     PAGES = {xiv+685},
       DOI = {10.1007/978-3-642-36519-5},
}

@article{cps,
         TITLE = {Comparison Results of Finite Element Methods for the {P}oisson Model Problem},
        AUTHOR = {Carstensen, C. and Peterseim, D. and Schedensack, M.},
       JOURNAL = {SIAM J. Numer. Anal.},
      FJOURNAL = {SIAM Journal on Numerical Analysis},
        VOLUME = {50},
          YEAR = {2012},
        NUMBER = {6},
         PAGES = {2803--2823},
           DOI = {10.1137/110845707},
}

@book {verfuerth,
    AUTHOR = {Verf\"urth, R\"udiger},
     TITLE = {A Review of A Posteriori Error Estimation and Adaptive Mesh-Refinement Techniques},
 PUBLISHER = {Wiley-Teubner},
      YEAR = {1996},
}

@article {gudi,
    AUTHOR = {Gudi, Thirupathi},
     TITLE = {A new error analysis for discontinuous finite element methods
              for linear elliptic problems},
   JOURNAL = {Math. Comp.},
  FJOURNAL = {Mathematics of Computation},
    VOLUME = {79},
      YEAR = {2010},
    NUMBER = {272},
     PAGES = {2169--2189},
       DOI = {10.1090/S0025-5718-10-02360-4},
}

@article {CH16,
    AUTHOR = {Carstensen, C. and Hellwig, F.},
     TITLE = {Low-order discontinuous {P}etrov-{G}alerkin finite element
              methods for linear elasticity},
   JOURNAL = {SIAM J. Numer. Anal.},
  FJOURNAL = {SIAM Journal on Numerical Analysis},
    VOLUME = {54},
      YEAR = {2016},
    NUMBER = {6},
     PAGES = {3388--3410},
       DOI = {10.1137/15M1032582},
}

@article {BGH14,
    AUTHOR = {Bouma, Timaeus and Gopalakrishnan, Jay and Harb, Ammar},
     TITLE = {Convergence rates of the {DPG} method with reduced test space
              degree},
   JOURNAL = {Comput. Math. Appl.},
  FJOURNAL = {Computers \& Mathematics with Applications. An International
              Journal},
    VOLUME = {68},
      YEAR = {2014},
    NUMBER = {11},
     PAGES = {1550--1561},
       DOI = {10.1016/j.camwa.2014.08.004},
}

article {BCP17,
  AUTHOR = {P. Bringmann and C. Carstensen and E. J. Park},
   TITLE = {Convergence of Natural Adaptive Least-Squares Finite Element
            Methods},
 JOURNAL = {Numer. Math.},
    YEAR = {2017 (in print)},
}


@Article{BCP17,
author={Carstensen, C.
and Park, E.-J.
and Bringmann, P.},
title={Convergence of natural adaptive least squares finite element methods},
journal={Numer. Math.},
fjournal={Numerische Mathematik},
year={2017},
month={Aug},
day={01},
volume={136},
number={4},
pages={1097--1115},
doi={10.1007/s00211-017-0866-x},
}

@Article{BDV04,
author="Binev, Peter
and Dahmen, Wolfgang
and DeVore, Ron",
title="Adaptive Finite Element Methods with convergence rates",
journal="Numerische Mathematik",
year="2004",
month="Apr",
day="01",
volume="97",
number="2",
pages="219--268",
doi="10.1007/s00211-003-0492-7",
}


@article {CKNS08,
    AUTHOR = {Cascon, J. Manuel and Kreuzer, Christian and Nochetto, Ricardo
              H. and Siebert, Kunibert G.},
     TITLE = {Quasi-optimal convergence rate for an adaptive finite element
              method},
   JOURNAL = {SIAM J. Numer. Anal.},
  FJOURNAL = {SIAM Journal on Numerical Analysis},
    VOLUME = {46},
      YEAR = {2008},
    NUMBER = {5},
     PAGES = {2524--2550},
       DOI = {10.1137/07069047X},
}

article{Stev07,
        author={Stevenson, R.~},
        title={Optimality of a Standard Adaptive Finite Element Method},
        journal={Foundations of Computational Mathematics},
        volume={7},
        number={2},
        pages={245-269},
        year={2007}
}

@article {Stev07,
    AUTHOR = {Stevenson, Rob},
     TITLE = {Optimality of a standard adaptive finite element method},
   JOURNAL = {Found. Comput. Math.},
  FJOURNAL = {Foundations of Computational Mathematics. The Journal of the
              Society for the Foundations of Computational Mathematics},
    VOLUME = {7},
      YEAR = {2007},
    NUMBER = {2},
     PAGES = {245--269},
       DOI = {10.1007/s10208-005-0183-0},
}

@unpublished{Carstensen2017script,
  AUTHOR = {Carstensen, C.},
  TITLE  = {Ausgew{\"a}hlte {T}hemen der {N}umerischen {M}athematik},
  YEAR   = {2017},
  NOTE   = {Lecture script}
}

@book{Bart15-book,
  author = {Bartels, S{\"o}ren},
  title = {Numerical methods for nonlinear partial differential
              equations},
  series = {Springer Series in Computational Mathematics},
  volume = {47},
  publisher = {Springer, Cham},
  year = {2015},
  pages = {x+393},
  isbn = {978-3-319-13796-4; 978-3-319-13797-1},
  mrclass = {65-01 (35A15 35A35 65Mxx 65Nxx)},
  mrnumber = {3309171},
  mrreviewer = {Karsten Urban},
  doi = {10.1007/978-3-319-13797-1},
  url = {http://dx.doi.org/10.1007/978-3-319-13797-1}
}

@article {CrouzeixRaviart1973,
    AUTHOR = {Crouzeix, M. and Raviart, P.-A.},
     TITLE = {Conforming and nonconforming finite element methods for
              solving the stationary {S}tokes equations. {I}},
   JOURNAL = {Rev. Fran\c caise Automat. Informat. Recherche
              Op\'erationnelle S\'er. Rouge},
    VOLUME = {7},
      YEAR = {1973},
    NUMBER = {R-3},
     PAGES = {33--75},
}

@inproceedings{CarstensenBrennerFEM,
        TITLE = {Finite Element Methods},
       AUTHOR = {Carstensen, C. and Brenner, S. C.},
         YEAR = {2004},
    PUBLISHER = {John Wiley and Sons},
      CHAPTER = {4},
    BOOKTITLE = {Encyclopedia of Computational Mechanics},
Xbtbrowserfulltext = {../download/2004-BS_CC-Finite_Element_Methods.pdf},
}
