% one author: Nam99 
% more than one author: list first letter CQCBB21
% always last two digits of the year in the end
% see hellwig master thesis

%% BOOKS
@book{Bar15,
  title = {Numerical Methods for Nonlinear Partial Differential Equations},
  author = {Bartels, Sören}, %update to umlaut
  series = {Springer Series in Computational Mathematics},
  volume = {47},
  year = {2015},
  publisher = {Springer International Publishing},
  isbn = {978-3-319-13796-4; 978-3-319-13797-1},
  issn = {0179-3632},
  doi = {10.1007/978-3-319-13797-1}
}

@book{Roc70,
  title = {Convex Analysis},
  author = {Rockafellar, R. Tyrrell},
  year = {1970},
  publisher = {Princeton University Press},
  isbn = {0-691-08069-0},
  doi = {10.1007/978-3-319-13797-1}
}

@book{TestProbe99,
  title = {Test},
  author = {Test and Probe and Tierversuch, Böse},
  year = {1999},
  publisher = {Versuch}
}
