@article {HS52,
    AUTHOR = {Hestenes, Magnus R. and Stiefel, Eduard},
     TITLE = {Methods of conjugate gradients for solving linear systems},
   JOURNAL = {J. Research Nat. Bur. Standards},
  FJOURNAL = {Journal of Research of the National Bureau of Standards},
    VOLUME = {49},
      YEAR = {1952},
     PAGES = {409--436 (1953)},
}

@article {O15,
    AUTHOR = {Oswald, P.},
     TITLE = {Divergence of {FEM}: {B}abu\v{s}ka-{A}ziz Triangulations revisited},
   JOURNAL = {Applications of Mathematics},
    VOLUME = {60},
      YEAR = {2015},
     PAGES = {473--484},
}

@book{schwarz, 
        author = "H. R. Schwarz", 
        title = "Numerische Mathematik", 
        year = "275f, 1993", 
        pages = "275f",
        address = "Stuttgart",
        publisher = "Teubner"
}

@book{kanzow,
	author = {{C}. Kanzow},
	title = {Numerik linearer Gleichungssysteme: Direkte und iterative Verfahren},
	year = {2005},
	address = {Heidelberg},
	publisher = {Springer}
}

@book{koenigsberger,
	author = {{K}. K{\"o}nigsberger},
	title = {Analysis I},
	year = {2004},
	address = {Heidelberg},
	publisher = {Springer}
}

@Book{braess,
	publisher = "Springer",
	isbn = "3-540-61905-4",
	author = "D. Braess",
	inventarno = "2000/133",
	title = "Finite Elemente, Theorie, schnelle Loeser und Anwendungen in der Elastizit{\"a}tstheorie",
	year = "1997, zweite Auflage",
	informatikbibno = "K006133",
	keywords = "Finite Elemente",
	address = "Berlin, Heidelberg, New York"}


@book{deuflhard,
	title = {Numerische Mathematik I und II},
	address = {Berlin},
	author = {P. Deuflhard and A. Hohmann},
	publisher = {Walter de Gruyter Verlag},
	year = {1993, zweite Auflage},
	biburl = {http://www.bibsonomy.org/bibtex/2387238b2977f6d524673df42749f619d/bronckobuster}
}

@book{haemmerlin, 
        author = " G. H{\"a}mmerlin and K.- H. Hoffmann",
        year = "1994", 
        title = "Numerische Mathematik", 
        publisher = "Springer-Verlag", 
        address = "Berlin"
}

@Book{heuser,
	publisher = "Teubner",
	isbn = "3-519-22227-2",
	author = "H. Heuser",
	inventarno = "1998/199",
	title = "Gew{\"o}hnliche Differentialgleichungen",
	year = "1995, dritte Auflage",
	informatikbibno = "K986199",
	keywords = "Funktionsanalysis",
	address = "Stuttgart"}

 @book{kelly,
title = {Iterative Methods for Linear and Nonlinear Equations},
author = {C. T. Kelley},
number = {16},
publisher = {SIAM},
series = {Frontiers in Applied Mathematics},
url = {http://www.siam.org/books/textbooks/fr16_book.pdf},
year = {1995},
keywords = {MATLAB conjugate_gradient_method mathematics numerical numerics }
} 

@book{schwetlick,
 author = {H. Schwetlick},
 year = {346 pp., 1979},
 title = {Numerische {L}{\"o}sung {n}ichtlinearer {G}leichungen},
 series = {Mathematik f\"ur Naturwissenschaft und Technik 17},
 publisher = {Deutscher Verlag der Wissenschaften},
 address = {Berlin},
 note = {Auch: R. Ol\-den\-bourg Verlag, M{\"u}nchen-Wien, 1979},
 isbn = {Oldenbourg: ISBN 3-486-21731-3}
 }
 
 @book{maess,
 author = {G. Mae\ss},
  year = {1988},
 title = {Vorlesungen {\"u}ber Numerische Mathematik Bd. 2},
 publisher = {Akademie-Verlag Berlin},
 address = {Berlin}
 }
 
 @book{babuska,
 author = {I. Babuska and T. Strouboulis},
 title = {The Finite Element Method and its Reliability},
 year ={2001},
 publisher = {Oxford University Press Inc.},
 address = {New York}
 }

@book {cc,
        TITLE = {On Grau's method for simultaneous factorization of polynomials}, 
       AUTHOR = {Carstensen, C.},
      JOURNAL = {SIAM J. Numer. Anal.},
     FJOURNAL = {SIAM Journal on Numerical Analysis},
         YEAR = {1992},
       VOLUME = {29},
       NUMBER = {2},
        PAGES = {601-613},
         ISSN = {0036-1429},
        CODEN = {SJNAAM},
      MRCLASS = {65H05},
     MRNUMBER = {92k:65083},
   MRREVIEWER = {Florica Luban},
}

@book{deufl,
author = {P. Deuflhard},
ALTeditor = {},
title = {Newton Methods for Nonlinear Problems. Affine Invariance and Adaptive Algorithms.},
publisher = {Springer},
year = {2006},
OPTkey = {},
OPTvolume = {},
OPTnumber = {},
OPTseries = {Series Computational Mathematics 35},
OPTaddress = {},
OPTedition = {},
OPTmonth = {},
OPTnote = {},
OPTannote = {},
OPTurl = {},
OPTdoi = {},
OPTissn = {},
OPTlocalfile = {},
OPTabstract = {}
}
